@article{article,
author = {Filippi, Jean-Baptiste and Bosseur, Frédéric and Grandi, Damien},
year = {2014},
month = {11},
pages = {},
title = {ForeFire: open-source code for wildland fire spread models},
isbn = {9789892608846},
doi = {10.14195/978-989-26-0884-6_29}
}

% --- PLACEHOLDERS ---
% J-B Filippi should add other relevant references here, for example:
% - Key dependencies (e.g., NetCDF library paper, MPI implementation)
% - Foundational papers describing the physics/models implemented (Rothermel, Balbi, etc.)
% - Papers describing related/alternative software mentioned in Statement of Need (e.g., FARSITE, WRF-Fire)
% - Any other papers that have used or cited ForeFire for scientific results.